
% Journals

% First the Full Name is given, then the abbreviation used in the AMS Math
% Reviews, with an indication if it could not be found there.
% Note the 2nd overwrites the 1st, so swap them if you want the full name.

 %{AMS}
 @String{AMSTrans = "American Mathematical Society Translations" }
 @String{AMSTrans = "Amer. Math. Soc. Transl." }
 @String{BullAMS = "Bulletin of the American Mathematical Society" }
 @String{BullAMS = "Bull. Amer. Math. Soc." }
 @String{ProcAMS = "Proceedings of the American Mathematical Society" }
 @String{ProcAMS = "Proc. Amer. Math. Soc." }
 @String{TransAMS = "Transactions of the American Mathematical Society" }
 @String{TransAMS = "Trans. Amer. Math. Soc." }

 %ACM
 @String{CACM = "Communications of the {ACM}" }
 @String{CACM = "Commun. {ACM}" }
 @String{CompServ = "Comput. Surveys" }
 @String{JACM = "J. ACM" }
 @String{ACMMathSoft = "{ACM} Transactions on Mathematical Software" }
 @String{ACMMathSoft = "{ACM} Trans. Math. Software" }
 @String{SIGNUM = "{ACM} {SIGNUM} Newsletter" }
 @String{SIGNUM = "{ACM} {SIGNUM} Newslett." }

 @String{AmerSocio = "American Journal of Sociology" }
 @String{AmerStatAssoc = "Journal of the American Statistical Association" }
 @String{AmerStatAssoc = "J. Amer. Statist. Assoc." }
 @String{ApplMathComp = "Applied Mathematics and Computation" }
 @String{ApplMathComp = "Appl. Math. Comput." }
 @String{AmerMathMonthly = "American Mathematical Monthly" }
 @String{AmerMathMonthly = "Amer. Math. Monthly" }
 @String{BIT = "{BIT}" }
 @String{BritStatPsych = "British Journal of Mathematical and Statistical
          Psychology" }
 @String{BritStatPsych = "Brit. J. Math. Statist. Psych." }
 @String{CanMathBull = "Canadian Mathematical Bulletin" }
 @String{CanMathBull = "Canad. Math. Bull." }
 @String{CompApplMath = "Journal of Computational and Applied Mathematics" }
 @String{CompApplMath = "J. Comput. Appl. Math." }
 @String{CompPhys = "Journal of Computational Physics" }
 @String{CompPhys = "J. Comput. Phys." }
 @String{CompStruct = "Computers and Structures" }
 @String{CompStruct = "Comput. \& Structures" }
 @String{CompJour = "The Computer Journal" }
 @String{CompJour = "Comput. J." }
 @String{CompSysSci = "Journal of Computer and System Sciences" }
 @String{CompSysSci = "J. Comput. System Sci." }
 @String{Computing = "Computing" }
 @String{ContempMath = "Contemporary Mathematics" }
 @String{ContempMath = "Contemp. Math." }
 @String{Crelle = "Crelle's Journal" }
 @String{GiornaleMath = "Giornale di Mathematiche" }
 @String{GiornaleMath = "Giorn. Mat." } % didn't find in AMS MR., ibid.

 %IEEE
 @String{Computer = "{IEEE} Computer" }
 @String{IEEETransComp = "{IEEE} Transactions on Computers" }
 @String{IEEETransComp = "{IEEE} Trans. Comput." }
 @String{IEEETransAC = "{IEEE} Transactions on Automatic Control" }
 @String{IEEETransAC = "{IEEE} Trans. Automat. Control" }
 @String{IEEESpec = "{IEEE} Spectrum" } % didn't find in AMS MR
 @String{ProcIEEE = "Proceedings of the {IEEE}" }
 @String{ProcIEEE = "Proc. {IEEE}" } % didn't find in AMS MR
 @String{IEEETransAeroElec = "{IEEE} Transactions on Aerospace and Electronic
     Systems" }
 @String{IEEETransAeroElec = "{IEEE} Trans. Aerospace Electron. Systems" }

 @String{IMANumerAna = "{IMA} Journal of Numerical Analysis" }
 @String{IMANumerAna = "{IMA} J. Numer. Anal." }
 @String{InfProcLet = "Information Processing Letters" }
 @String{InfProcLet = "Inform. Process. Lett." }
 @String{InstMathApp = "Journal of the Institute of Mathematics and
     its Applications" }
 @String{InstMathApp = "J. Inst. Math. Appl." }
 @String{IntControl = "International Journal of Control" }
 @String{IntControl = "Internat. J. Control" }
 @String{IntNumerEng = "International Journal for Numerical Methods in
     Engineering" }
 @String{IntNumerEng = "Internat. J. Numer. Methods Engrg." }
 @String{IntSuper = "International Journal of Supercomputing Applications" }
 @String{IntSuper = "Internat. J. Supercomputing Applic." } % didn't find
%% in AMS MR
 @String{Kibernetika = "Kibernetika" }
 @String{JResNatBurStand = "Journal of Research of the National Bureau
     of Standards" }
 @String{JResNatBurStand = "J. Res. Nat. Bur. Standards" }
 @String{LinAlgApp = "Linear Algebra and its Applications" }
 @String{LinAlgApp = "Linear Algebra Appl." }
 @String{MathAnaAppl = "Journal of Mathematical Analysis and Applications" }
 @String{MathAnaAppl = "J. Math. Anal. Appl." }
 @String{MathAnnalen = "Mathematische Annalen" }
 @String{MathAnnalen = "Math. Ann." }
 @String{MathPhys = "Journal of Mathematical Physics" }
 @String{MathPhys = "J. Math. Phys." }
 @String{MathComp = "Mathematics of Computation" }
 @String{MathComp = "Math. Comp." }
 @String{MathScand = "Mathematica Scandinavica" }
 @String{MathScand = "Math. Scand." }
 @String{TablesAidsComp = "Mathematical Tables and Other Aids to Computation" }
 @String{TablesAidsComp = "Math. Tables Aids Comput." }
 @String{NumerMath = "Numerische Mathematik" }
 @String{NumerMath = "Numer. Math." }
 @String{PacificMath = "Pacific Journal of Mathematics" }
 @String{PacificMath = "Pacific J. Math." }
 @String{ParDistComp = "Journal of Parallel and Distributed Computing" }
 @String{ParDistComp = "J. Parallel and Distrib. Comput." } % didn't find
%% in AMS MR
 @String{ParComputing = "Parallel Computing" }
 @String{ParComputing = "Parallel Comput." }
 @String{PhilMag = "Philosophical Magazine" }
 @String{PhilMag = "Philos. Mag." }
 @String{ProcNAS = "Proceedings of the National Academy of Sciences
                    of the USA" }
 @String{ProcNAS = "Proc. Nat. Acad. Sci. U. S. A." }
 @String{Psychometrika = "Psychometrika" }
 @String{QuartMath = "Quarterly Journal of Mathematics, Oxford, Series (2)" }
 @String{QuartMath = "Quart. J. Math. Oxford Ser. (2)" }
 @String{QuartApplMath = "Quarterly of Applied Mathematics" }
 @String{QuartApplMath = "Quart. Appl. Math." }
 @String{RevueInstStat = "Review of the International Statisical Institute" }
 @String{RevueInstStat = "Rev. Inst. Internat. Statist." }

 %SIAM
 @String{JSIAM = "Journal of the Society for Industrial and Applied
     Mathematics" }
 @String{JSIAM = "J. Soc. Indust. Appl. Math." }
 @String{JSIAMB = "Journal of the Society for Industrial and Applied
     Mathematics, Series B, Numerical Analysis" }
 @String{JSIAMB = "J. Soc. Indust. Appl. Math. Ser. B Numer. Anal." }
 @String{SIAMAlgMeth = "{SIAM} Journal on Algebraic and Discrete Methods" }
 @String{SIAMAlgMeth = "{SIAM} J. Algebraic Discrete Methods" }
 @String{SIAMAppMath = "{SIAM} Journal on Applied Mathematics" }
 @String{SIAMAppMath = "{SIAM} J. Appl. Math." }
 @String{SIAMComp = "{SIAM} Journal on Computing" }
 @String{SIAMComp = "{SIAM} J. Comput." }
 @String{SIAMMatrix = "{SIAM} Journal on Matrix Analysis and Applications" }
 @String{SIAMMatrix = "{SIAM} J. Matrix Anal. Appl." }
 @String{SIAMNumAnal = "{SIAM} Journal on Numerical Analysis" }
 @String{SIAMNumAnal = "{SIAM} J. Numer. Anal." }
 @String{SIAMReview = "{SIAM} Review" }
 @String{SIAMReview = "{SIAM} Rev." }
 @String{SIAMSciStat = "{SIAM} Journal on Scientific and Statistical
     Computing" }
 @String{SIAMSciStat = "{SIAM} J. Sci. Statist. Comput." }

 @String{SoftPracExp = "Software Practice and Experience" }
 @String{SoftPracExp = "Software Prac. Experience" } % didn't find in AMS MR
 @String{StatScience = "Statistical Science" }
 @String{StatScience = "Statist. Sci." }
 @String{Techno = "Technometrics" }
 @String{USSRCompMathPhys = "{USSR} Computational Mathematics and Mathematical
     Physics" }
 @String{USSRCompMathPhys = "{U. S. S. R.} Comput. Math. and Math. Phys." }
 @String{VLSICompSys = "Journal of {VLSI} and Computer Systems" }
 @String{VLSICompSys = "J. {VLSI} Comput. Syst." }
 @String{ZAngewMathMech = "Zeitschrift fur Angewandte Mathematik und
     Mechanik" }
 @String{ZAngewMathMech = "Z. Angew. Math. Mech." }
 @String{ZAngewMathPhys = "Zeitschrift fur Angewandte Mathematik und Physik" }
 @String{ZAngewMathPhys = "Z. Angew. Math. Phys." }

% Publishers % ================================================= |

 @String{Academic = "Academic Press" }
 @String{ACMPress = "{ACM} Press" }
 @String{AdamHilger = "Adam Hilger" }
 @String{AddisonWesley = "Addison-Wesley" }
 @String{AllynBacon = "Allyn and Bacon" }
 @String{AMS = "American Mathematical Society" }
 @String{Birkhauser = "Birkha{\"u}ser" }
 @String{CambridgePress = "Cambridge University Press" }
 @String{Chelsea = "Chelsea" }
 @String{ClaredonPress = "Claredon Press" }
 @String{DoverPub = "Dover Publications" }
 @String{Eyolles = "Eyolles" }
 @String{HoltRinehartWinston = "Holt, Rinehart and Winston" }
 @String{Interscience = "Interscience" }
 @String{JohnsHopkinsPress = "The Johns Hopkins University Press" }
 @String{JohnWileySons = "John Wiley and Sons" }
 @String{Macmillan = "Macmillan" }
 @String{MathWorks = "The Math Works Inc." }
 @String{McGrawHill = "McGraw-Hill" }
 @String{NatBurStd = "National Bureau of Standards" }
 @String{NorthHolland = "North-Holland" }
 @String{OxfordPress = "Oxford University Press" }  %address Oxford or London?
 @String{PergamonPress = "Pergamon Press" }
 @String{PlenumPress = "Plenum Press" }
 @String{PrenticeHall = "Prentice-Hall" }
 @String{SIAMPub = "{SIAM} Publications" }
 @String{Springer = "Springer-Verlag" }
 @String{TexasPress = "University of Texas Press" }
 @String{VanNostrand = "Van Nostrand" }
 @String{WHFreeman = "W. H. Freeman and Co." }

%Entries

@book{molnar2022interpretable,
  title={Interpretable Machine Learning},
  author={Molnar, T.},
  year={2022},
  publisher={Leanpub}
}

@article{murdoch2019interpretable,
  title={Interpretable Machine Learning: Definitions, Methods, and Applications},
  author={Murdoch, W. J. and Singh, C. and Kumbier, K. and Abbasi-Asl, R. and Yu, B.},
  journal={arXiv preprint arXiv:1901.04592},
  year={2019}
}

@inproceedings{ribeiro2016why,
  title={Why Should I Trust You? Explaining the Predictions of Any Classifier},
  author={Ribeiro, M. T. and Singh, S. and Guestrin, C.},
  booktitle={Proceedings of the 22nd ACM SIGKDD International Conference on Knowledge Discovery and Data Mining},
  pages={1135--1144},
  year={2016}
}

@inproceedings{sundararajan2017axiomatic,
  title={Axiomatic Attribution for Deep Networks},
  author={Sundararajan, M. and Taly, A. and Yan, Q.},
  booktitle={Proceedings of the 34th International Conference on Machine Learning},
  pages={3319--3328},
  year={2017}
}

@article{dempster1967upper,
  title={Upper and Lower Probabilities Induced by a Multivalued Mapping},
  author={Dempster, A. P.},
  journal={The Annals of Mathematical Statistics},
  volume={38},
  number={2},
  pages={325--339},
  year={1967}
}

@article{smets1994transferable,
  title={The Transferable Belief Model},
  author={Smets, P. and Kennes, R.},
  journal={Communications in Statistics--Theory and Methods},
  volume={23},
  number={5},
  pages={359--411},
  year={1994}
}
@article{nohara2022explanation,
  title={Explanation of machine learning models using shapley additive explanation and application for real data in hospital},
  author={Nohara, Yasunobu and Matsumoto, K and Soejima, H and Nakashima, N},
  journal={Computer Methods and Programs in Biomedicine},
  volume={214},
  pages={106584},
  year={2022}
}

@inproceedings{nohara2019improved,
  title={Explanation of machine learning models using improved shapley additive explanation},
  author={Nohara, Yasunobu and others},
  booktitle={Proceedings of the 10th ACM international conference on bioinformatics, computational biology and health informatics},
  year={2019}
}

@article{ekanayake2022novel,
  title={A novel approach to explain the black-box nature of machine learning in compressive strength predictions of concrete using Shapley additive explanations (SHAP)},
  author={Ekanayake, I. U. and Meddage, D. P. P. and Rathnayake, Upaka},
  journal={Case Studies in Construction Materials},
  volume={16},
  pages={e01059},
  year={2022}
}

@article{sahlaoui2021predicting,
  title={Predicting and interpreting student performance using ensemble models and shapley additive explanations},
  author={Sahlaoui, H. and Nayyar, A. and Agoujil, S. and Jaber, M. M.},
  journal={IEEE Access},
  volume={9},
  pages={152688--152703},
  year={2021}
}

@article{ogami2021artificial,
  title={An artificial neural network− pharmacokinetic model and its interpretation using Shapley additive explanations},
  author={Ogami, C. and others},
  journal={CPT: pharmacometrics \& systems pharmacology},
  volume={10},
  number={7},
  pages={760--768},
  year={2021}
}

@article{kannangara2022investigation,
  title={Investigation of feature contribution to shield tunneling-induced settlement using Shapley additive explanations method},
  author={Kannangara, K. P. M. and Zhou, W. and Ding, Z. and Hong, Z.},
  journal={Journal of Rock Mechanics and Geotechnical Engineering},
  volume={14},
  number={4},
  pages={1052--1063},
  year={2022}
}

@article{dong2022predicting,
  title={Predicting and analyzing road traffic injury severity using boosting-based ensemble learning models with SHAPley Additive exPlanations},
  author={Dong, S. and Khattak, A. and Ullah, I. and Zhou, J. and Hussain, A.},
  journal={International journal of environmental research and public health},
  volume={19},
  number={5},
  pages={2925},
  year={2022}
}

@article{wieland2021using,
  title={Using Shapley additive explanations to interpret extreme gradient boosting predictions of grassland degradation in Xilingol, China},
  author={Wieland, R. and Lakes, T. and Nendel, C.},
  journal={Geoscientific Model Development},
  volume={14},
  number={3},
  pages={1493--1510},
  year={2021}
}

@article{anjum2022new,
  title={New SHapley additive exPlanations (SHAP) approach to evaluate the raw materials interactions of steel-fiber-reinforced concrete},
  author={Anjum, M. and others},
  journal={Materials},
  volume={15},
  number={18},
  pages={6261},
  year={2022}
}

@article{le2023precise,
  title={Precise prediction of biochar yield and proximate analysis by modern machine learning and SHapley additive exPlanations},
  author={Le, A. T. and Pandey, A. and Sirohi, R. and others},
  journal={Energy \& Fuels},
  volume={37},
  number={22},
  pages={17310--17327},
  year={2023}
}

@article{nachappa2020flood,
  title={Flood susceptibility mapping with machine learning, multi-criteria decision analysis and ensemble using Dempster Shafer Theory},
  author={Nachappa, T. G. and others},
  journal={Journal of hydrology},
  volume={590},
  pages={125275},
  year={2020}
}

@article{tong2021evidential,
  title={An evidential classifier based on Dempster-Shafer theory and deep learning},
  author={Tong, Z. and Xu, P. and Denoeux, T.},
  journal={Neurocomputing},
  volume={450},
  pages={275--293},
  year={2021}
}

@article{tian2020deep,
  title={Deep learning and dempster-shafer theory based insider threat detection},
  author={Tian, Z. and Shi, W. and Tan, Z. and others},
  journal={Mobile Networks and Applications},
  year={2020},
  pages={1--10}
}

@article{rorbrink2024uncertainty,
  title={Uncertainty in Machine Learning: Comparing Predictive Models and Dempster-Shafer Theory},
  author={Rörbrink, N. and Folkebrant, L.},
  year={2024}
}

@article{basiri2014sentiment,
  title={Sentiment prediction based on dempster‐shafer theory of evidence},
  author={Basiri, M. E. and Naghsh-Nilchi, A. R. and Ghasem-Aghaee, N.},
  journal={Mathematical Problems in Engineering},
  volume={2014},
  number={1},
  pages={361201},
  year={2014}
}

@inproceedings{lundberg2017unified,
  title={A Unified Approach to Interpreting Model Predictions},
  author={Lundberg, Scott M and Lee, Su-In},
  booktitle={Advances in Neural Information Processing Systems},
  pages={4765--4774},
  year={2017}
}

@book{shafer1976mathematical,
  title={A Mathematical Theory of Evidence},
  author={Shafer, Glenn},
  year={1976},
  publisher={Princeton University Press}
}

@article{shapley1953value,
  title={A Value for n-Person Games},
  author={Shapley, Lloyd S},
  journal={Contributions to the Theory of Games},
  volume={2},
  number={28},
  pages={307--317},
  year={1953},
  publisher={Princeton University Press}
}

@article{yager1987new,
  title={On the Dempster-Shafer framework and new combination rules},
  author={Yager, Ronald R},
  journal={Information Sciences},
  volume={41},
  number={2},
  pages={93--137},
  year={1987},
  publisher={Elsevier}
}

@article{petit2002regression,
  title={Regression analysis using evidential reasoning: A fuzzy extension of belief functions},
  author={Petit-Renaud, Sylvie and Denoeux, Thierry},
  journal={International Journal of Approximate Reasoning},
  volume={29},
  number={2},
  pages={187--213},
  year={2002},
  publisher={Elsevier}
}

@article{park2011dempster,
  title={Application of Dempster-Shafer theory of evidence to GIS-based landslide susceptibility analysis},
  author={Park, Noh-Wan},
  journal={Environmental Earth Sciences},
  volume={62},
  number={5},
  pages={1119--1128},
  year={2011},
  publisher={Springer}
}
@article{hedstrom2023quantus,
  author  = {Anna Hedstr{\"o}m and Leander Weber and Daniel Krakowczyk and Dilyara Bareeva and Franz Motzkus and Wojciech Samek and Sebastian Lapuschkin and Marina M.-C. H{\"o}hne},
  title   = {{Quantus: An Explainable AI Toolkit for Responsible Evaluation of Neural Network Explanations and Beyond}},
  journal = {Journal of Machine Learning Research},
  year    = {2023},
  volume  = {24},
  number  = {34},
  pages   = {1--11},
  url     = {https://www.jmlr.org/papers/v24/22-0142.html}
}

@inproceedings{slack2021reliable,
  author    = {Slack, Dylan and Hilgard, Sophie and Singh, Sameer and Lakkaraju, Himabindu},
  title     = {{Reliable Post hoc Explanations: Modeling Uncertainty in Explainability}},
  booktitle = {Advances in Neural Information Processing Systems},
  volume    = {34},
  pages     = {9391--9404},
  year      = {2021},
  note      = {NeurIPS 2021}
}
@incollection{sensoy2018edl,
  author    = {Sensoy, Murat and Kaplan, Lance and Kandemir, Melih},
  title     = {{Evidential Deep Learning to Quantify Classification Uncertainty}},
  booktitle = {Advances in Neural Information Processing Systems},
  volume    = {31},
  pages     = {3183--3193},
  year      = {2018}
}

@article{provan2013logical,
  title={A Logical Interpretation of Dempster-Shafer Theory, with Application to Visual Recognition},
  author={Provan, Gregory M},
  journal={arXiv preprint arXiv:1304.1523},
  year={2013}
}

@article{zhang2021evidential,
  title={An evidential classifier based on Dempster-Shafer theory and deep learning},
  author={Zhang, Zhen, Zhang, Yanchao and Wang, Yi},
  journal={arXiv preprint arXiv:2103.13549},
  year={2021}
}
